%%%%%%%%%%%%%%%%%%%%%%%%%%%%%%%%%%%%%%%%%%%%%%%%%%%%%%%%%%%%%%%%%%%%%%%%%%%%%%%%%%%%%%
%%%%%%%%%%%%%%%%%%%%%%%%%%%%%%%%%%%  REFERENCES %%%%%%%%%%%%%%%%%%%%%%%%%%%%%%%%%%%%%%
%%%%%%%%%%%%%%%%%%%%%%%%%%%%%%%%%%%%%%%%%%%%%%%%%%%%%%%%%%%%%%%%%%%%%%%%%%%%%%%%%%%%%%


%%%%% ARTICLES ( article from a journal or magazine), Required fields: author, title, journal, year, volume.
%%%%% Optional fields: number, pages, month, note, key




%%%%%% BOOK Required fields: author/editor, title, publisher, year.
%%%%%% Optional fields: volume/number, series, address, edition, month, note, key

	
@book{Maluth:2012:MWG:2464833,
	author = {Maluth, John Monyjok},
	title = {Microsoft Windows 7: A Guide to Windows 7 with Advanced Features},
	year = {2012},
	isbn = {148011247X, 9781480112476},
	publisher = {CreateSpace Independent Publishing Platform},
	address = {USA},
} 

@book{powell2004javascript,
	title={JavaScript: The Complete Reference, 2nd Edition},
	author={Powell, T. and Schneider, F.},
	isbn={9780072253573},
	lccn={2004275104},
	series={Complete Reference},
	url={https://books.google.com/books?id=CCCMiIUIokIC},
	year={2004},
	publisher={McGraw-Hill Education}
}

@book{Siever:2005:LN:1212560,
	author = {Siever, Ellen and Figgins, Stephen and Weber, Aaron and Love, Robert and Robbins, Arnold},
	title = {Linux in a Nutshell (In a Nutshell (O'Reilly))},
	year = {2005},
	isbn = {0596009305},
	publisher = {O'Reilly Media, Inc.},
} 

@book{Ahmed:2014:WDP:2675602,
	author = {Ahmed, Riaz},
	title = {Web Development in PHP, MySQL, JavaScript, HTML \& CSS: Step-by-Step Web Project},
	year = {2014},
	isbn = {1499386338, 9781499386332},
	publisher = {CreateSpace Independent Publishing Platform},
	address = {USA},
} 

%%%%%%%  CONFERENCES Required fields: author, title, booktitle, year.
%%%%%%%  Optional fields: editor, volume/number, series, pages, address, month, organization, publisher, note, key.






%%%%%%%  MISC (For use when nothing else fits.) Required fields: none.
%%%%%%%  Optional fields: author, title, howpublished, month, year, note, key

@misc{JavascriptTutorialspoint,
	author = {Tutorials point},
	title = {Javascript Tutorial},
	howpublished = {\url{https://www.tutorialspoint.com/javascript/}}
}

@misc{js_validation_apiW3schools,
	author = {W3 Schools},
	title = {Javascript validation api},
	howpublished = {\url{https://www.w3schools.com/js/js_validation_api.asp}}
}

@misc{htmlW3schools,
	author = {W3 Schools},
	title = {H{TML}},
	howpublished = {\url{https://www.w3schools.com/html/default.asp}}
}

@misc{cssW3schools,
	author = {W3schools},
	title = {C{SS}},
	howpublished = {\url{https://www.w3schools.com/css/default.asp}}
}

@misc{HTTPWikipedia,
	author = {Wikipedia},
	title = {Hypertext Transfer Protocol},
	howpublished = {\url{https://en.wikipedia.org/wiki/Hypertext_Transfer_Protocol}}
}

@misc{javahttpsessionStackoverflow,
	author = {Stackoverflow},
	title = {Java {HTTP} session},
	howpublished = {\url{https://stackoverflow.com/questions/5140556/java-httpsession}}
}

@misc{speechStackoverflow,
	author = {Stackoverflow},
	title = {speech recognition},
	howpublished = {\url{https://stackoverflow.com/questions/tagged/speech-recognition}}
}

@misc{chromeExtension,
	author = {Google Chrome},
	title = {Extensions},
	howpublished = {\url{https://developer.chrome.com/extensions}}
}

@misc{Walshspeech,
	author = {David Walsh},
	title = {JavaScript Speech Recognition},
	howpublished = {\url{https://davidwalsh.name/speech-recognition}}
}

@misc{Ornbospeech,
	author = {George Ornbo},
	title = {The {HTML}5 Speech Recognition API},
	howpublished = {\url{https://shapeshed.com/html5-speech-recognition-api/}}
}




%%%%%% PHD THESIS Required fields: author, title, school, year.
%%%%%% Optional fields: type, address, month, note, key.




%%%%%% PROCEEDINGS (The proceedings of a conference).Required fields: title, year.
%%%%%% Optional fields: editor, volume/number, series, address, month, publisher, organization, note, key.





%%%%%%% UNPUBLISHED (A document having an author and title, but not formally published) Required fields: author, title, note.
%%%%%%% Optional fields: month, year, key.
